@misc{gfg_copy_assignment,
title = {{geeksforgeeks: copy assignment}},
note = {at: \url{https://en.cppreference.com/w/cpp/language/copy_assignment}}}

@misc{cppref_copy_assignment,
title = {{cppreference: copy assignment}},
note = {at: \url{https://en.cppreference.com/w/cpp/language/copy_assignment}}}

@misc{sof_rule_of_three,
title = {{stackoverflow: The rule of three}},
note = {at: \url{https://stackoverflow.com/questions/4172722/what-is-the-rule-of-three}}}

@misc{cppref_templates,
title = {{cppreference: templates}},
note = {at: \url{http://www.cplusplus.com/doc/oldtutorial/templates}}}

@misc{guru99_incremental_model,
title = {{guru99: incremental model}},
note = {at: \url{https://www.guru99.com/what-is-incremental-model-in-sdlc-advantages-disadvantages.html}}}

@misc{catonmat_polymorphism,
title = {{CatOnMat: polymorphism}},
note = {at: \url{https://catonmat.net/cpp-polymorphism}}}

@misc{vp_uml,
title = {{Visuel Paradigm: UML}},
note = {at: \url{https://www.visual-paradigm.com/guide/}}}

@misc{tp_design_pattern,
title = {{Tutorial Point: design pattern}},
note = {at: \url{https://www.tutorialspoint.com/design_pattern/design_pattern_overview.htm}}}

@misc{agilemanifesto,
title = {{Agile Manifesto: twelve principles}},
note = {at: \url{https://agilemanifesto.org/principles.html}}}

@misc{ss_agile_manifesto,
title = {{Smart Sheed: four values and twelve principles}},
note = {at: \url{https://www.smartsheet.com/comprehensive-guide-values-principles-agile-manifesto}}}

@misc{wikic2_xp,
title = {{WikiC2: Why call it extreme?}},
note = {at: \url{https://wiki.c2.com/?WhyCallItXp}}}

@misc{aa_xp,
title = {{Agile Alliance: Extreme Programming}},
note = {at: \url{https://www.agilealliance.org/glossary/xp}}}

@misc{ab_xp,
title = {{Airbrake: Extreme Programming}},
note = {at: \url{https://airbrake.io/blog/sdlc/extreme-programming}}}

@misc{xporg_acceptance_tests,
title = {{Extreme Programming: Acceptance Tests}},
note = {at: \url{http://www.extremeprogramming.org/rules/functionaltests.html}}}

@misc{atlassian_tests,
title = {{Atlassian: Types of tests}},
note = {at: \url{https://www.atlassian.com/continuous-delivery/software-testing/types-of-software-testing}}}

@misc{cppunit_asserts,
title = {{CppUnit: Assert macros}},
note = {at: \url{http://cppunit.sourceforge.net/doc/cvs/group___assertions.html}}}

@misc{rg_refactoring,
title = {{Refactoring Guru: Refactoring}},
note = {at: \url{https://refactoring.guru/refactoring}}}

@misc{so_why_to_use_asserts,
title = {{stackoverflow: Why should I use asserts?}},
note = {at: \url{https://stackoverflow.com/questions/1081409/why-should-i-use-asserts}}}

@misc{gfg_coupling_and_cohesion,
title = {{geeksforgeeks: Coupling and Cohesion}},
note = {at: \url{https://www.geeksforgeeks.org/software-engineering-coupling-and-cohesion/}}}

@misc{sjsu_coupling_and_cohesion,
title = {{sjsu: Design Goals and Principles}},
note = {at: \url{http://www.cs.sjsu.edu/faculty/pearce/oose/metrics/metrics.htm}}}

@misc{c2_AAA,
title = {{c2 wiki: AAA pattern}},
note = {at: \url{https://wiki.c2.com/?ArrangeActAssert}}}

@misc{catch2_asserts,
title = {{Catch2 Github: Assertions}},
note = {at: \url{https://github.com/catchorg/Catch2/blob/master/docs/assertions.md}}}

@misc{gdb_commands,
title = {{GDB: Commands}},
note = {at: \url{https://sourceware.org/gdb/current/onlinedocs/gdb/TUI-Commands.html#TUI-Commands}}}

@misc{qt_qobject,
title = {{QT: QObject}},
note = {at: \url{https://doc.qt.io/qt-5/qobject.html}}}

@misc{cppref_semaphore,
title = {{cppreference: Semaphore}},
note = {at: \url{https://en.cppreference.com/w/cpp/thread/counting_semaphore}}}

@misc{cppref_mutex,
title = {{cppreference: Mutex}},
note = {at: \url{https://en.cppreference.com/w/cpp/thread/mutex}}}

@misc{cppref_lockguard,
title = {{cppreference: Lock Guard}},
note = {at: \url{https://en.cppreference.com/w/cpp/thread/lock_guard}}}

@misc{cppref_thread,
title = {{cppreference: Thread}},
note = {at: \url{http://www.cplusplus.com/reference/thread/thread/}}}

@misc{cppref_threaddestructor,
title = {{cppreference: ~Thread}},
note = {at: \url{https://en.cppreference.com/w/cpp/thread/thread/~thread}}}

@misc{cppref_yield,
title = {{cppreference: Yield}},
note = {at: \url{https://en.cppreference.com/w/cpp/thread/yield}}}

@misc{cppref_condition_variable,
title = {{cppreference: Condition Variable}},
note = {at: \url{https://en.cppreference.com/w/cpp/thread/condition_variable}}}

@misc{cppref_async,
title = {{cppreference: Async}},
note = {at: \url{http://www.cplusplus.com/reference/future/async/}}}

@misc{cppref_future,
title = {{cppreference: Future}},
note = {at: \url{http://www.cplusplus.com/reference/future/future/}}}

@misc{cppref_promise,
title = {{cppreference: Promise}},
note = {at: \url{https://en.cppreference.com/w/cpp/thread/promise}}}

@misc{uw_ui,
title = {{UnixWore: UI}},
note = {at: \url{http://uw714doc.sco.com/en/SDK_vtcl/vtclgN.style_goodui.html#:~:text=A%20good%20interface%20makes%20it,premise%20of%20good%20UI%20design.}}}

@misc{doxygen_commentblocks,
title = {{Doxygen: Comment Blocks}},
note = {at: \url{https://www.doxygen.nl/manual/docblocks.html}}}

@misc{medium_abstractfactory,
title = {{Medium: Abstract Factory}},
note = {at: \url{https://medium.com/@hitherejoe/design-patterns-abstract-factory-39a22985bdbf#:~:text=In%20the%20case%20of%20the,be%20at%20the%20same%20time.}}}